@book{book1,
  author    = {Donald E. Knuth},
  title     = {Companion to the papers of Donald Knuth},
  volume    = {202},
  publisher = {Cambridge University Press},
  year      = {2012},
}

@book{book2,
  author    = {Donald E. Knuth},
  title     = {Companion to the papers of Donald Knuth},
  volume    = {202},
  publisher = {Cambridge University Press},
  year      = {2012},
}